<record><leader>00000cas a22000007a 4500</leader><controlfield tag="001">10170006</controlfield><controlfield tag="008">831129d18701870utuwr ne      0    0eng d</controlfield><datafield ind1=" " ind2=" " tag="010"><subfield code="a">sn 83021451 </subfield></datafield><datafield ind1=" " ind2=" " tag="040"><subfield code="a">NPX</subfield><subfield code="b">eng</subfield><subfield code="c">NPX</subfield><subfield code="d">UNP</subfield><subfield code="d">YOX</subfield><subfield code="d">CNK</subfield><subfield code="d">OCL</subfield><subfield code="d">OCLCG</subfield><subfield code="d">UBY</subfield><subfield code="d">KRTAS</subfield><subfield code="d">OCLCQ</subfield><subfield code="d">OCLCF</subfield><subfield code="d">OCLCO</subfield></datafield><datafield ind1=" " ind2=" " tag="042"><subfield code="a">msc</subfield></datafield><datafield ind1=" " ind2=" " tag="043"><subfield code="a">n-us-ut</subfield></datafield><datafield ind1=" " ind2="4" tag="050"><subfield code="a">AN2.U8</subfield><subfield code="b">M67</subfield></datafield><datafield ind1="0" ind2="0" tag="245"><subfield code="a">Mormon tribune.</subfield></datafield><datafield ind1=" " ind2=" " tag="260"><subfield code="a">Salt Lake City, Utah :</subfield><subfield code="b">Godbe &amp; Harrison,</subfield><subfield code="c">1870.</subfield></datafield><datafield ind1=" " ind2=" " tag="300"><subfield code="a">1 v. ;</subfield><subfield code="c">54 cm.</subfield></datafield><datafield ind1=" " ind2=" " tag="310"><subfield code="a">Weekly</subfield></datafield><datafield ind1="0" ind2=" " tag="362"><subfield code="a">Vol. 1, no. 1 (Jan. 1, 1870)-v. 1, no. 26 (June 25, 1870).</subfield></datafield><datafield ind1=" " ind2=" " tag="500"><subfield code="a">"Organ of the liberal cause in Utah devoted to mental liberty, social development &amp; spiritual progress."</subfield></datafield><datafield ind1=" " ind2=" " tag="500"><subfield code="a">Editors: E.L.T. Harrison, 1870; E.W. Tullidge, 1870; W.H. Shearman, 1870.</subfield></datafield><datafield ind1=" " ind2=" " tag="500"><subfield code="a">Organ of "Reform Party in Utah."</subfield></datafield><datafield ind1=" " ind2=" " tag="515"><subfield code="a">Continuous pagination within the volume.</subfield></datafield><datafield ind1=" " ind2=" " tag="550"><subfield code="a">Organ of the Reform Party in Utah.</subfield></datafield><datafield ind1=" " ind2="0" tag="651"><subfield code="a">Salt Lake City (Utah)</subfield><subfield code="v">Newspapers.</subfield></datafield><datafield ind1=" " ind2="7" tag="655"><subfield code="a">Newspapers.</subfield><subfield code="2">fast</subfield><subfield code="0">(OCoLC)fst01423814</subfield></datafield><datafield ind1=" " ind2="7" tag="651"><subfield code="a">Utah</subfield><subfield code="z">Salt Lake City.</subfield><subfield code="2">fast</subfield><subfield code="0">(OCoLC)fst01205314</subfield></datafield><datafield ind1="1" ind2=" " tag="700"><subfield code="a">Harrison, Elias L. T.,</subfield><subfield code="d">1830-1900.</subfield></datafield><datafield ind1="1" ind2=" " tag="700"><subfield code="a">Tullidge, Edward W.</subfield><subfield code="q">(Edward William),</subfield><subfield code="d">1829-1894.</subfield></datafield><datafield ind1="1" ind2=" " tag="700"><subfield code="a">Shearman, W. H.</subfield></datafield><datafield ind1="2" ind2=" " tag="710"><subfield code="a">Reform Party (Utah)</subfield></datafield><datafield ind1=" " ind2=" " tag="752"><subfield code="a">United States</subfield><subfield code="b">Utah</subfield><subfield code="c">Salt Lake</subfield><subfield code="d">Salt Lake City.</subfield></datafield><datafield ind1="0" ind2="0" tag="780"><subfield code="t">Utah magazine</subfield><subfield code="w">(OCoLC)10943601</subfield></datafield><datafield ind1="0" ind2="0" tag="785"><subfield code="t">Salt Lake tribune (Salt Lake City, Utah : 1870)</subfield><subfield code="w">(DLC)sn 83021452</subfield><subfield code="w">(OCoLC)10170203</subfield></datafield><datafield ind1=" " ind2=" " tag="938"><subfield code="a">Kirtas Technologies, Inc.</subfield><subfield code="b">KRTS</subfield><subfield code="n">737915</subfield></datafield></record>